@article{capponi,
    author = {Bernard Capponi et Rosamund Sutherland},
    title = {\href{https://publimath.univ-irem.fr/numerisation/PX/IGR99256/IGR99256.pdf}{Interaction des cadres algébriques et graphiques dans la résolution de problèmes}},
    journal = {Petit x n°50},
    year = {1999},
    pages = {41-55},
    note = {Université Joseph Fourier Grenoble et Graduate School of Education, Bristol}
}

@article{douady1,
    author = {Régine Douady},
    title = {\href{https://revue-rdm.com/1986/jeux-de-cadres-et-dialectique/}{Jeux de cadre et dialectique outil-objet}},
    journal = {Recherches en Didactique des Mathématiques vol. 7},
    year = {1986},
}

@article{douady2,
    author = {Régine Douady},
    title = {\href{https://www.arpeme.fr/documents/1AC69D2A243B0037BC.pdf}{Enseignement de la dialectique outil-objet et des jeux de cadres en formation mathématique des professeurs d'école}},
    journal = {Documents pour la formation des professeurs d'école en didactique des mathématiques - Colmar},
    year = {1993},
    pages = {189-200},
    note = {IREM de Paris 7, Université Denis Diderot}
}

@article{brousseau,
    author = {Guy Brousseau},
    title = {\href{https://revue-rdm.com/1986/fondements-et-methodes-de-la/}{Fondements et méthodes de la didactique des mathématiques}},
    journal = {Recherches en Didactique des Mathématiques vol. 7 n°2},
    pages = {33-115},
    year = {1986}
}

@misc{villemin,
    title = {\href{http://villemin.gerard.free.fr/Wwwgvmm/Nombre/Constpu.htm}{Construction géométrique des puissances des nombres}},
    author = {Gerard Villemin},
    year = 2017,
    note = {\url{http://villemin.gerard.free.fr/Wwwgvmm/Nombre/Constpu.htm} [Accessed: 28-03-2024]}
}
